@book{romain_couillet,
  title={Random Matrix Theory for Machine Learning},
  author={Romain Couillet, Zhenyu Liao},
  volume={1},
  year={2022},
}
